<?xml version="1.0" encoding="UTF-8"?><record xmlns="http://www.loc.gov/MARC21/slim" xmlns:cinclude="http://apache.org/cocoon/include/1.0" xmlns:zs="http://www.loc.gov/zing/srw/">
  <leader>00813cz  a2200217n  4500</leader>
  <controlfield tag="001">no 97030115 </controlfield>
  <controlfield tag="003">DLC</controlfield>
  <controlfield tag="005">20080916081103.0</controlfield>
  <controlfield tag="008">970515n| acannaabn          |b ana     c</controlfield>
  <datafield tag="010" ind1=" " ind2=" ">
    <subfield code="a">no 97030115 </subfield>
  </datafield>
  <datafield tag="035" ind1=" " ind2=" ">
    <subfield code="a">(OCoLC)oca04341859</subfield>
  </datafield>
  <datafield tag="040" ind1=" " ind2=" ">
    <subfield code="a">NcU</subfield>
    <subfield code="b">eng</subfield>
    <subfield code="c">NcU</subfield>
    <subfield code="d">OCoLC</subfield>
  </datafield>
  <datafield tag="110" ind1="2" ind2=" ">
    <subfield code="a">Kokusai Gakuyūkai (Japan).</subfield>
    <subfield code="b">Nihongo Gakkō</subfield>
  </datafield>
  <datafield tag="410" ind1="2" ind2=" ">
    <subfield code="a">囯際学友会 (日本).</subfield>
    <subfield code="b">日本語学校</subfield>
  </datafield>
  <datafield tag="410" ind1="2" ind2=" ">
    <subfield code="a">国際学友会 (Japan).</subfield>
    <subfield code="b">日本語学校</subfield>
  </datafield>
  <datafield tag="410" ind1="2" ind2=" ">
    <subfield code="a">國際学友会 (Japan).</subfield>
    <subfield code="b">日本語学校</subfield>
  </datafield>
  <datafield tag="410" ind1="2" ind2=" ">
    <subfield code="a">國際學友会 (Japan).</subfield>
    <subfield code="b">日本語學校</subfield>
  </datafield>
  <datafield tag="410" ind1="2" ind2=" ">
    <subfield code="a">國際學友會 (Japan).</subfield>
    <subfield code="b">日本語學校</subfield>
  </datafield>
  <datafield tag="667" ind1=" " ind2=" ">
    <subfield code="a">Machine-derived non-Latin script reference project.</subfield>
  </datafield>
  <datafield tag="667" ind1=" " ind2=" ">
    <subfield code="a">Non-Latin script references not evaluated.</subfield>
  </datafield>
  <datafield tag="670" ind1=" " ind2=" ">
    <subfield code="a">Nihongo tokuhon, 1975:</subfield>
    <subfield code="b">t.p. (Kokusai Gakuyūkai Nihongo Gakkō)</subfield>
  </datafield>
</record>